@article{aberth:1967,
  title     = {{The Transformation of Tensors into Diagonal Form}},
  author    = {Oliver Aberth},
  year      = 1967,
  journal   = {SIAM Journal on Applied Mathematics},
  publisher = {Society for Industrial and Applied Mathematics},
  volume    = 15,
  number    = 5,
  pages     = {1247--1252},
  issn      = {00361399},
  url       = {http://www.jstor.org/stable/2099163},
  urldate   = {2024-09-26}
}

@article{Pawlowski:2005xe,
  author        = {Pawlowski, Jan M.},
  title         = {{Aspects of the functional renormalisation group}},
  eprint        = {hep-th/0512261},
  archiveprefix = {arXiv},
  reportnumber  = {HD-THEP-05-28},
  doi           = {10.1016/j.aop.2007.01.007},
  journal       = {Annals Phys.},
  volume        = {322},
  pages         = {2831--2915},
  year          = {2007}
}

@article{Braun:2025gvq,
  author        = {Braun, Jens and Gei\ss{}el, Andreas and Pawlowski, Jan M. and Sattler, Franz R. and Wink, Nicolas},
  title         = {{Juggling with Tensor Bases in Functional Approaches}},
  eprint        = {2503.05580},
  archiveprefix = {arXiv},
  primaryclass  = {hep-th},
  month         = {3},
  journal       = {Annals Phys.},
  year          = {2025}
}

@article{Huber:2019dkb,
  author        = {Huber, Markus Q. and Cyrol, Anton K. and Pawlowski, Jan M.},
  title         = {{DoFun 3.0: Functional equations in Mathematica}},
  eprint        = {1908.02760},
  archiveprefix = {arXiv},
  primaryclass  = {hep-ph},
  doi           = {10.1016/j.cpc.2019.107058},
  journal       = {Comput. Phys. Commun.},
  volume        = {248},
  pages         = {107058},
  year          = {2020}
}

@article{Pawlowski:2021tkk,
  author        = {Pawlowski, Jan M. and Schneider, Coralie S. and Wink, Nicolas},
  title         = {{QMeS-Derivation: Mathematica package for the symbolic derivation of functional equations}},
  eprint        = {2102.01410},
  archiveprefix = {arXiv},
  primaryclass  = {hep-ph},
  doi           = {10.1016/j.cpc.2023.108711},
  journal       = {Comput. Phys. Commun.},
  volume        = {287},
  pages         = {108711},
  year          = {2023}
}

@unpublished{szabolcs_horvat_2024_10828124,
  author    = {Szabolcs Horvát},
  title     = {MaTeX},
  month     = mar,
  year      = 2024,
  publisher = {Zenodo},
  version   = {v1.7.10},
  doi       = {10.5281/zenodo.10828124},
  url       = {https://doi.org/10.5281/zenodo.10828124},
  note      = {Software package}
}


@article{Andersen:2014xxa,
  author        = {Andersen, Jens O. and Naylor, William R. and Tranberg, Anders},
  title         = {{Phase diagram of QCD in a magnetic field: A review}},
  eprint        = {1411.7176},
  archiveprefix = {arXiv},
  primaryclass  = {hep-ph},
  doi           = {10.1103/RevModPhys.88.025001},
  journal       = {Rev. Mod. Phys.},
  volume        = {88},
  pages         = {025001},
  year          = {2016}
}

@article{Dupuis:2020fhh,
  author        = {Dupuis, N. and Canet, L. and Eichhorn, A. and Metzner, W. and Pawlowski, J. M. and Tissier, M. and Wschebor, N.},
  title         = {{The nonperturbative functional renormalization group and its applications}},
  eprint        = {2006.04853},
  archiveprefix = {arXiv},
  primaryclass  = {cond-mat.stat-mech},
  doi           = {10.1016/j.physrep.2021.01.001},
  journal       = {Phys. Rept.},
  volume        = {910},
  pages         = {1--114},
  year          = {2021}
}

@article{Eichmann:2016yit,
  author        = {Eichmann, Gernot and Sanchis-Alepuz, Helios and Williams, Richard and Alkofer, Reinhard and Fischer, Christian S.},
  title         = {{Baryons as relativistic three-quark bound states}},
  eprint        = {1606.09602},
  archiveprefix = {arXiv},
  primaryclass  = {hep-ph},
  doi           = {10.1016/j.ppnp.2016.07.001},
  journal       = {Prog. Part. Nucl. Phys.},
  volume        = {91},
  pages         = {1--100},
  year          = {2016}
}

@article{Fischer:2018sdj,
  author        = {Fischer, Christian S.},
  title         = {{QCD at finite temperature and chemical potential from Dyson\textendash{}Schwinger equations}},
  eprint        = {1810.12938},
  archiveprefix = {arXiv},
  primaryclass  = {hep-ph},
  doi           = {10.1016/j.ppnp.2019.01.002},
  journal       = {Prog. Part. Nucl. Phys.},
  volume        = {105},
  pages         = {1--60},
  year          = {2019}
}

@article{Klevansky:1992qe,
  author  = {Klevansky, S. P.},
  title   = {{The Nambu-Jona-Lasinio model of quantum chromodynamics}},
  doi     = {10.1103/RevModPhys.64.649},
  journal = {Rev. Mod. Phys.},
  volume  = {64},
  pages   = {649--708},
  year    = {1992}
}

@article{Williams:2015cvx,
  author        = {Williams, Richard and Fischer, Christian S. and Heupel, Walter},
  title         = {{Light mesons in QCD and unquenching effects from the 3PI effective action}},
  eprint        = {1512.00455},
  archiveprefix = {arXiv},
  primaryclass  = {hep-ph},
  doi           = {10.1103/PhysRevD.93.034026},
  journal       = {Phys. Rev. D},
  volume        = {93},
  number        = {3},
  pages         = {034026},
  year          = {2016}
}

@article{Fischer:2006ub,
  author        = {Fischer, Christian S.},
  title         = {{Infrared properties of QCD from Dyson-Schwinger equations}},
  eprint        = {hep-ph/0605173},
  archiveprefix = {arXiv},
  doi           = {10.1088/0954-3899/32/8/R02},
  journal       = {J. Phys. G},
  volume        = {32},
  pages         = {R253--R291},
  year          = {2006}
}


@article{Alkofer:2000wg,
  author        = {Alkofer, Reinhard and von Smekal, Lorenz},
  title         = {{The Infrared behavior of QCD Green's functions: Confinement dynamical symmetry breaking, and hadrons as relativistic bound states}},
  eprint        = {hep-ph/0007355},
  archiveprefix = {arXiv},
  reportnumber  = {UNITUE-THEP-00-09, FAU-TP3-00-8},
  doi           = {10.1016/S0370-1573(01)00010-2},
  journal       = {Phys. Rept.},
  volume        = {353},
  pages         = {281},
  year          = {2001}
}


@article{Aguilar:2024ciu,
  author        = {Aguilar, A. C. and Ferreira, M. N. and Oliveira, B. M. and Papavassiliou, J. and Linhares, G. T.},
  title         = {{Infrared properties of the quark-gluon vertex in general kinematics}},
  eprint        = {2408.15370},
  archiveprefix = {arXiv},
  primaryclass  = {hep-ph},
  doi           = {10.1140/epjc/s10052-024-13605-9},
  journal       = {Eur. Phys. J. C},
  volume        = {84},
  number        = {11},
  pages         = {1231},
  year          = {2024}
}


@article{Williams:2014iea,
  author        = {Williams, Richard},
  title         = {{The quark-gluon vertex in Landau gauge bound-state studies}},
  eprint        = {1404.2545},
  archiveprefix = {arXiv},
  primaryclass  = {hep-ph},
  doi           = {10.1140/epja/i2015-15057-4},
  journal       = {Eur. Phys. J. A},
  volume        = {51},
  number        = {5},
  pages         = {57},
  year          = {2015}
}


@article{Denz:2019ogb,
  author        = {Denz, Tobias and Mitter, Mario and Pawlowski, Jan M. and Wetterich, Christof and Yamada, Masatoshi},
  title         = {{Partial bosonization for the two-dimensional Hubbard model}},
  eprint        = {1910.08300},
  archiveprefix = {arXiv},
  primaryclass  = {cond-mat.str-el},
  doi           = {10.1103/PhysRevB.101.155115},
  journal       = {Phys. Rev. B},
  volume        = {101},
  number        = {15},
  pages         = {155115},
  year          = {2020}
}


@article{Ferreira:2023fva,
  author        = {Ferreira, Mauricio Narciso and Papavassiliou, Joannis},
  title         = {{Gauge Sector Dynamics in QCD}},
  eprint        = {2301.02314},
  archiveprefix = {arXiv},
  primaryclass  = {hep-ph},
  doi           = {10.3390/particles6010017},
  journal       = {Particles},
  volume        = {6},
  number        = {1},
  pages         = {312--363},
  year          = {2023}
}

@article{PhysRevB.108.235120,
  title     = {Twisted bilayer graphene at charge neutrality: Competing orders of SU(4) Dirac fermions},
  author    = {Parthenios, Nikolaos and Classen, Laura},
  journal   = {Phys. Rev. B},
  volume    = {108},
  issue     = {23},
  pages     = {235120},
  numpages  = {20},
  year      = {2023},
  month     = {Dec},
  publisher = {American Physical Society},
  doi       = {10.1103/PhysRevB.108.235120},
  url       = {https://link.aps.org/doi/10.1103/PhysRevB.108.235120}
}


@article{PhysRevB.79.085116,
  title     = {Theory of interacting electrons on the honeycomb lattice},
  author    = {Herbut, Igor F. and Juri\ifmmode \check{c}\else \v{c}\fi{}i\ifmmode \acute{c}\else \'{c}\fi{}, Vladimir and Roy, Bitan},
  journal   = {Phys. Rev. B},
  volume    = {79},
  issue     = {8},
  pages     = {085116},
  numpages  = {14},
  year      = {2009},
  month     = {Feb},
  publisher = {American Physical Society},
  doi       = {10.1103/PhysRevB.79.085116},
  url       = {https://link.aps.org/doi/10.1103/PhysRevB.79.085116}
}


@article{Platt_2013,
  title     = {Functional renormalization group for multi-orbital Fermi surface instabilities},
  volume    = {62},
  issn      = {1460-6976},
  url       = {http://dx.doi.org/10.1080/00018732.2013.862020},
  doi       = {10.1080/00018732.2013.862020},
  number    = {4–6},
  journal   = {Advances in Physics},
  publisher = {Informa UK Limited},
  author    = {Platt, C. and Hanke, W. and Thomale, R.},
  year      = {2013},
  month     = nov,
  pages     = {453–562}
}


@unpublished{Huber:2025kwy,
  author        = {Huber, Markus Q. and Fischer, Christian S. and Sanchis-Alepuz, H\`elios},
  title         = {{Apparent convergence in functional glueball calculations}},
  eprint        = {2503.03821},
  archiveprefix = {arXiv},
  primaryclass  = {hep-ph},
  month         = {3},
  year          = {2025}
}


@unpublished{Eichmann:2025etg,
  author        = {Eichmann, Gernot and Torres, Raul D.},
  title         = {{Five-point functions and the permutation group S5}},
  eprint        = {2502.17225},
  archiveprefix = {arXiv},
  primaryclass  = {hep-ph},
  month         = {2},
  year          = {2025}
}



@article{Rennecke:2015eba,
  author        = {Rennecke, Fabian},
  title         = {{Vacuum structure of vector mesons in QCD}},
  eprint        = {1504.03585},
  archiveprefix = {arXiv},
  primaryclass  = {hep-ph},
  doi           = {10.1103/PhysRevD.92.076012},
  journal       = {Phys. Rev. D},
  volume        = {92},
  number        = {7},
  pages         = {076012},
  year          = {2015}
}

@article{Pawlowski:2020qer,
  author        = {Pawlowski, Jan M. and Reichert, Manuel},
  title         = {{Quantum Gravity: A Fluctuating Point of View}},
  eprint        = {2007.10353},
  archiveprefix = {arXiv},
  primaryclass  = {hep-th},
  doi           = {10.3389/fphy.2020.551848},
  journal       = {Front. in Phys.},
  volume        = {8},
  pages         = {551848},
  year          = {2021}
}


@article{Fu:2022gou,
  author        = {Fu, Wei-jie},
  title         = {{QCD at finite temperature and density within the fRG approach: an overview}},
  eprint        = {2205.00468},
  archiveprefix = {arXiv},
  primaryclass  = {hep-ph},
  doi           = {10.1088/1572-9494/ac86be},
  journal       = {Commun. Theor. Phys.},
  volume        = {74},
  number        = {9},
  pages         = {097304},
  year          = {2022}
}


@article{Metzner:2011cw,
  author        = {Metzner, Walter and Salmhofer, Manfred and Honerkamp, Carsten and Meden, Volker and Schonhammer, Kurt},
  title         = {{Functional renormalization group approach to correlated fermion systems}},
  eprint        = {1105.5289},
  archiveprefix = {arXiv},
  primaryclass  = {cond-mat.str-el},
  doi           = {10.1103/RevModPhys.84.299},
  journal       = {Rev. Mod. Phys.},
  volume        = {84},
  pages         = {299},
  year          = {2012}
}


@article{Gies:2006wv,
  author        = {Gies, Holger},
  title         = {{Introduction to the functional RG and applications to gauge theories}},
  eprint        = {hep-ph/0611146},
  archiveprefix = {arXiv},
  doi           = {10.1007/978-3-642-27320-9_6},
  journal       = {Lect. Notes Phys.},
  volume        = {852},
  pages         = {287--348},
  year          = {2012}
}


@article{Braun:2011pp,
  author        = {Braun, Jens},
  title         = {{Fermion Interactions and Universal Behavior in Strongly Interacting Theories}},
  eprint        = {1108.4449},
  archiveprefix = {arXiv},
  primaryclass  = {hep-ph},
  doi           = {10.1088/0954-3899/39/3/033001},
  journal       = {J. Phys. G},
  volume        = {39},
  pages         = {033001},
  year          = {2012}
}


@unpublished{SattlerHardQCD,
  author        = {Sattler, Franz R.},
  title         = {{(in preparation)}},
  eprint        = {},
  archiveprefix = {},
  journal       = {in preparation},
  volume        = {},
  pages         = {},
  year          = {}
}

@article{Buballa:2003qv,
  author        = {Buballa, Michael},
  title         = {{NJL model analysis of quark matter at large density}},
  eprint        = {hep-ph/0402234},
  archiveprefix = {arXiv},
  doi           = {10.1016/j.physrep.2004.11.004},
  journal       = {Phys. Rept.},
  volume        = {407},
  pages         = {205--376},
  year          = {2005}
}

@article{Buballa:2014tba,
  author        = {Buballa, Michael and Carignano, Stefano},
  title         = {{Inhomogeneous chiral condensates}},
  eprint        = {1406.1367},
  archiveprefix = {arXiv},
  primaryclass  = {hep-ph},
  doi           = {10.1016/j.ppnp.2014.11.001},
  journal       = {Prog. Part. Nucl. Phys.},
  volume        = {81},
  pages         = {39--96},
  year          = {2015}
}


@article{Braun:2006jd,
  author        = {Braun, Jens and Gies, Holger},
  title         = {{Chiral phase boundary of QCD at finite temperature}},
  eprint        = {hep-ph/0602226},
  archiveprefix = {arXiv},
  doi           = {10.1088/1126-6708/2006/06/024},
  journal       = {JHEP},
  volume        = {06},
  pages         = {024},
  year          = {2006}
}

@article{Leonhardt:2019fua,
  author        = {Leonhardt, M. and Pospiech, M. and Schallmo, B. and Braun, J. and Drischler, C. and Hebeler, K. and Schwenk, A.},
  title         = {{Symmetric nuclear matter from the strong interaction}},
  eprint        = {1907.05814},
  archiveprefix = {arXiv},
  primaryclass  = {nucl-th},
  doi           = {10.1103/PhysRevLett.125.142502},
  journal       = {Phys. Rev. Lett.},
  volume        = {125},
  number        = {14},
  pages         = {142502},
  year          = {2020}
}

@article{Gies:2005as,
  author        = {Gies, Holger and Jaeckel, Joerg},
  title         = {{Chiral phase structure of QCD with many flavors}},
  eprint        = {hep-ph/0507171},
  archiveprefix = {arXiv},
  reportnumber  = {DESY-05-126, HD-THEP-05-16},
  doi           = {10.1140/epjc/s2006-02475-0},
  journal       = {Eur. Phys. J. C},
  volume        = {46},
  pages         = {433--438},
  year          = {2006}
}

@article{Bailin:1983bm,
  author       = {Bailin, D. and Love, A.},
  title        = {{Superfluidity and Superconductivity in Relativistic Fermion Systems}},
  reportnumber = {PRINT-83-1015 (SUSSEX)},
  doi          = {10.1016/0370-1573(84)90145-5},
  journal      = {Phys. Rept.},
  volume       = {107},
  pages        = {325},
  year         = {1984}
}

@unpublished{Fu:2025hcm,
  author        = {Fu, Wei-jie and Huang, Chuang and Pawlowski, Jan M. and Tan, Yang-yang and Zhou, Li-jun},
  title         = {{Four-quark scatterings in QCD III}},
  eprint        = {2502.14388},
  archiveprefix = {arXiv},
  primaryclass  = {hep-ph},
  month         = {2},
  year          = {2025}
}


@article{Gao:2021wun,
  author        = {Gao, Fei and Papavassiliou, Joannis and Pawlowski, Jan M.},
  title         = {{Fully coupled functional equations for the quark sector of QCD}},
  eprint        = {2102.13053},
  archiveprefix = {arXiv},
  primaryclass  = {hep-ph},
  doi           = {10.1103/PhysRevD.103.094013},
  journal       = {Phys. Rev. D},
  volume        = {103},
  number        = {9},
  pages         = {094013},
  year          = {2021}
}


@article{Fukushima:2021ctq,
  author        = {Fukushima, Kenji and Pawlowski, Jan M. and Strodthoff, Nils},
  title         = {{Emergent hadrons and diquarks}},
  eprint        = {2103.01129},
  archiveprefix = {arXiv},
  primaryclass  = {hep-ph},
  doi           = {10.1016/j.aop.2022.169106},
  journal       = {Annals Phys.},
  volume        = {446},
  pages         = {169106},
  year          = {2022}
}

@article{Alford:2007xm,
  author        = {Alford, Mark G. and Schmitt, Andreas and Rajagopal, Krishna and Sch\"afer, Thomas},
  title         = {{Color superconductivity in dense quark matter}},
  eprint        = {0709.4635},
  archiveprefix = {arXiv},
  primaryclass  = {hep-ph},
  reportnumber  = {MIT-CTP-3861},
  doi           = {10.1103/RevModPhys.80.1455},
  journal       = {Rev. Mod. Phys.},
  volume        = {80},
  pages         = {1455--1515},
  year          = {2008}
}

@article{Rapp:1997zu,
  author        = {Rapp, R. and Sch\"afer, Thomas and Shuryak, Edward V. and Velkovsky, M.},
  title         = {{Diquark Bose condensates in high density matter and instantons}},
  eprint        = {hep-ph/9711396},
  archiveprefix = {arXiv},
  reportnumber  = {SUNY-NTG-97-30},
  doi           = {10.1103/PhysRevLett.81.53},
  journal       = {Phys. Rev. Lett.},
  volume        = {81},
  pages         = {53--56},
  year          = {1998}
}


@article{Alford:1997zt,
  author        = {Alford, Mark G. and Rajagopal, Krishna and Wilczek, Frank},
  title         = {{QCD at finite baryon density: Nucleon droplets and color superconductivity}},
  eprint        = {hep-ph/9711395},
  archiveprefix = {arXiv},
  reportnumber  = {IASSNS-HEP-97-119, MIT-CTP-2695},
  doi           = {10.1016/S0370-2693(98)00051-3},
  journal       = {Phys. Lett. B},
  volume        = {422},
  pages         = {247--256},
  year          = {1998}
}



@article{Braun:2017srn,
  author        = {Braun, Jens and Leonhardt, Marc and Pospiech, Martin},
  title         = {{Fierz-complete NJL model study: Fixed points and phase structure at finite temperature and density}},
  eprint        = {1705.00074},
  archiveprefix = {arXiv},
  primaryclass  = {hep-ph},
  doi           = {10.1103/PhysRevD.96.076003},
  journal       = {Phys. Rev. D},
  volume        = {96},
  number        = {7},
  pages         = {076003},
  year          = {2017}
}


@article{Braun:2018bik,
  author        = {Braun, Jens and Leonhardt, Marc and Pospiech, Martin},
  title         = {{Fierz-complete NJL model study. II. Toward the fixed-point and phase structure of hot and dense two-flavor QCD}},
  eprint        = {1801.08338},
  archiveprefix = {arXiv},
  primaryclass  = {hep-ph},
  doi           = {10.1103/PhysRevD.97.076010},
  journal       = {Phys. Rev. D},
  volume        = {97},
  number        = {7},
  pages         = {076010},
  year          = {2018}
}

@article{Braun:2019aow,
  author        = {Braun, Jens and Leonhardt, Marc and Pospiech, Martin},
  title         = {{Fierz-complete NJL model study III: Emergence from quark-gluon dynamics}},
  eprint        = {1909.06298},
  archiveprefix = {arXiv},
  primaryclass  = {hep-ph},
  doi           = {10.1103/PhysRevD.101.036004},
  journal       = {Phys. Rev. D},
  volume        = {101},
  number        = {3},
  pages         = {036004},
  year          = {2020}
}

@article{Braun:2021uua,
  author        = {Braun, Jens and Schallmo, Benedikt},
  title         = {{From quarks and gluons to color superconductivity at supranuclear densities}},
  eprint        = {2106.04198},
  archiveprefix = {arXiv},
  primaryclass  = {hep-ph},
  doi           = {10.1103/PhysRevD.105.036003},
  journal       = {Phys. Rev. D},
  volume        = {105},
  number        = {3},
  pages         = {036003},
  year          = {2022}
}

@article{Cyrol:2017ewj,
  author        = {Cyrol, Anton K. and Mitter, Mario and Pawlowski, Jan M. and Strodthoff, Nils},
  title         = {{Nonperturbative quark, gluon, and meson correlators of unquenched QCD}},
  eprint        = {1706.06326},
  archiveprefix = {arXiv},
  primaryclass  = {hep-ph},
  doi           = {10.1103/PhysRevD.97.054006},
  journal       = {Phys. Rev. D},
  volume        = {97},
  number        = {5},
  pages         = {054006},
  year          = {2018}
}

@article{Cyrol:2016zqb,
  author        = {Cyrol, Anton K. and Mitter, Mario and Strodthoff, Nils},
  title         = {{FormTracer - A Mathematica Tracing Package Using FORM}},
  eprint        = {1610.09331},
  archiveprefix = {arXiv},
  primaryclass  = {hep-ph},
  doi           = {10.1016/j.cpc.2017.05.024},
  journal       = {Comput. Phys. Commun.},
  volume        = {219},
  pages         = {346--352},
  year          = {2017}
}

@unpublished{Ruijl:2017dtg,
  author        = {Ruijl, Ben and Ueda, Takahiro and Vermaseren, Jos},
  title         = {{FORM version 4.2}},
  eprint        = {1707.06453},
  archiveprefix = {arXiv},
  primaryclass  = {hep-ph},
  month         = {7},
  year          = {2017}
}


@article{Metzner_2005,
  title     = {Magnetic and superconducting correlations in the two‐dimensional Hubbard model},
  volume    = {243},
  issn      = {1521-3951},
  url       = {http://dx.doi.org/10.1002/pssb.200562445},
  doi       = {10.1002/pssb.200562445},
  number    = {1},
  journal   = {physica status solidi (b)},
  publisher = {Wiley},
  author    = {Metzner, W. and Reiss, J. and Rohe, D.},
  year      = {2005},
  month     = dec,
  pages     = {46–56}
}

@article{Eichmann:2014xya,
  author        = {Eichmann, Gernot and Williams, Richard and Alkofer, Reinhard and Vujinovic, Milan},
  title         = {{Three-gluon vertex in Landau gauge}},
  eprint        = {1402.1365},
  archiveprefix = {arXiv},
  primaryclass  = {hep-ph},
  doi           = {10.1103/PhysRevD.89.105014},
  journal       = {Phys. Rev. D},
  volume        = {89},
  number        = {10},
  pages         = {105014},
  year          = {2014}
}

@article{Eichmann:2015cra,
  author        = {Eichmann, Gernot and Fischer, Christian S. and Heupel, Walter},
  title         = {{The light scalar mesons as tetraquarks}},
  eprint        = {1508.07178},
  archiveprefix = {arXiv},
  primaryclass  = {hep-ph},
  doi           = {10.1016/j.physletb.2015.12.036},
  journal       = {Phys. Lett. B},
  volume        = {753},
  pages         = {282--287},
  year          = {2016}
}

@article{Eichmann:2015nra,
  author        = {Eichmann, Gernot and Fischer, Christian S. and Heupel, Walter},
  title         = {{Four-point functions and the permutation group S4}},
  eprint        = {1505.06336},
  archiveprefix = {arXiv},
  primaryclass  = {hep-ph},
  doi           = {10.1103/PhysRevD.92.056006},
  journal       = {Phys. Rev. D},
  volume        = {92},
  number        = {5},
  pages         = {056006},
  year          = {2015}
}

@misc{fQCD,
  title  = {{fQCD collaboration}},
  author = {Braun, Jens and Chen, Yong-rui and Fu, Wei-jie and Gao, Fei and Ihssen, Friederike and Geißel, Andreas and Huang, Chuang and Pawlowski, Jan M. and Rennecke, Fabian and Sattler, Franz R. and Schallmo, Benedikt and Stoll, Jonas and Tan, Yang-yang and T{\"o}pfel, Sebastian and Turnwald, Jonas and Wen, Rui and Wessely, Jonas and Wink, Nicolas and Yin, Shi and Zorbach, Niklas},
  year   = 2025,
  note   = {\url{https://fqcd-collaboration.github.io/}}
}

@misc{xact2025,
  author = {José M. Martín-García},
  title  = {xAct},
  year   = {2025},
  url    = {https://www.xact.es}
}

@article{Gehring:2015vja,
  author        = {Gehring, Friedrich and Gies, Holger and Janssen, Lukas},
  title         = {{Fixed-point structure of low-dimensional relativistic fermion field theories: Universality classes and emergent symmetry}},
  eprint        = {1506.07570},
  archiveprefix = {arXiv},
  primaryclass  = {hep-th},
  doi           = {10.1103/PhysRevD.92.085046},
  journal       = {Phys. Rev. D},
  volume        = {92},
  number        = {8},
  pages         = {085046},
  year          = {2015}
}

@article{Bashir:2012fs,
  author        = {Bashir, Adnan and Chang, Lei and Cloet, Ian C. and El-Bennich, Bruno and Liu, Yu-Xin and Roberts, Craig D. and Tandy, Peter C.},
  title         = {{Collective perspective on advances in Dyson-Schwinger Equation QCD}},
  eprint        = {1201.3366},
  archiveprefix = {arXiv},
  primaryclass  = {nucl-th},
  doi           = {10.1088/0253-6102/58/1/16},
  journal       = {Commun. Theor. Phys.},
  volume        = {58},
  pages         = {79--134},
  year          = {2012}
}

@article{Kugler:2017ipn,
  author        = {Kugler, Fabian B. and von Delft, Jan},
  title         = {{Multiloop functional renormalization group that sums up all parquet diagrams}},
  eprint        = {1703.06505},
  archiveprefix = {arXiv},
  primaryclass  = {cond-mat.str-el},
  doi           = {10.1103/PhysRevLett.120.057403},
  journal       = {Phys. Rev. Lett.},
  volume        = {120},
  number        = {5},
  pages         = {057403},
  year          = {2018}
}

@article{10.1143/PTP.112.943,
  author  = {Salmhofer, Manfred and Honerkamp, Carsten and Metzner, Walter and Lauscher, Oliver},
  title   = {Renormalization Group Flows into Phases with Broken Symmetry},
  journal = {Progress of Theoretical Physics},
  volume  = {112},
  number  = {6},
  pages   = {943-970},
  year    = {2004},
  month   = {12},
  issn    = {0033-068X},
  doi     = {10.1143/PTP.112.943},
  url     = {https://doi.org/10.1143/PTP.112.943},
  eprint  = {https://academic.oup.com/ptp/article-pdf/112/6/943/5394684/112-6-943.pdf}
}

@unpublished{Braun:2020mhk,
  author        = {Braun, Jens and Leonhardt, Marc and Pawlowski, Jan M. and Rosenbl\"uh, Daniel},
  title         = {{Chiral and effective $U(1)_{\rm A}$ symmetry restoration in QCD}},
  eprint        = {2012.06231},
  archiveprefix = {arXiv},
  primaryclass  = {hep-ph},
  month         = {12},
  year          = {2020}
}

@article{Geissel:2024nmx,
  author        = {Gei\ss{}el, Andreas and Gorda, Tyler and Braun, Jens},
  title         = {{Pressure and speed of sound in two-flavor color-superconducting quark matter at next-to-leading order}},
  eprint        = {2403.18010},
  archiveprefix = {arXiv},
  primaryclass  = {hep-ph},
  doi           = {10.1103/PhysRevD.110.014034},
  journal       = {Phys. Rev. D},
  volume        = {110},
  number        = {1},
  pages         = {014034},
  year          = {2024}
}

@article{Braun:2022jme,
  author        = {Braun, Jens and Gei\ss{}el, Andreas and Schallmo, Benedikt},
  title         = {{Speed of sound in dense strong-interaction matter}},
  eprint        = {2206.06328},
  archiveprefix = {arXiv},
  primaryclass  = {nucl-th},
  doi           = {10.21468/SciPostPhysCore.7.2.015},
  journal       = {SciPost Phys. Core},
  volume        = {7},
  pages         = {015},
  year          = {2024}
}

@article{Braun:2022olp,
  author        = {Braun, Jens and Schallmo, Benedikt},
  title         = {{Zero-temperature thermodynamics of dense asymmetric strong-interaction matter}},
  eprint        = {2204.00358},
  archiveprefix = {arXiv},
  primaryclass  = {nucl-th},
  doi           = {10.1103/PhysRevD.106.076010},
  journal       = {Phys. Rev. D},
  volume        = {106},
  number        = {7},
  pages         = {076010},
  year          = {2022}
}

@unpublished{Ihssen:2024miv,
  author        = {Ihssen, Friederike and Pawlowski, Jan M. and Sattler, Franz R. and Wink, Nicolas},
  title         = {{Towards quantitative precision in functional QCD I}},
  eprint        = {2408.08413},
  archiveprefix = {arXiv},
  primaryclass  = {hep-ph},
  month         = {8},
  year          = {2024}
}

@article{Keppeler:2012ih,
  author        = {Keppeler, Stefan and Sjodahl, Malin},
  title         = {{Orthogonal multiplet bases in SU(Nc) color space}},
  eprint        = {1207.0609},
  archiveprefix = {arXiv},
  primaryclass  = {hep-ph},
  reportnumber  = {LU-TP-12-27},
  doi           = {10.1007/JHEP09(2012)124},
  journal       = {JHEP},
  volume        = {09},
  pages         = {124},
  year          = {2012}
}

@misc{li20193rdOrderTensors1,
  title         = {On approximate diagonalization of third order symmetric tensors by orthogonal transformations},
  author        = {Jianze Li and Konstantin Usevich and Pierre Comon},
  year          = 2019,
  url           = {https://arxiv.org/abs/1804.01358},
  eprint        = {1804.01358},
  archiveprefix = {arXiv},
  primaryclass  = {math.NA}
}

@article{Mitter:2014wpa,
  author        = {Mitter, Mario and Pawlowski, Jan M. and Strodthoff, Nils},
  title         = {{Chiral symmetry breaking in continuum QCD}},
  eprint        = {1411.7978},
  archiveprefix = {arXiv},
  primaryclass  = {hep-ph},
  doi           = {10.1103/PhysRevD.91.054035},
  journal       = {Phys. Rev. D},
  volume        = {91},
  pages         = {054035},
  year          = {2015}
}

@article{Roberts:1994dr,
  author        = {Roberts, Craig D. and Williams, Anthony G.},
  title         = {{Dyson-Schwinger equations and their application to hadronic physics}},
  eprint        = {hep-ph/9403224},
  archiveprefix = {arXiv},
  reportnumber  = {ADP-93-225-T-142, ANL-PHY-7668-TH-93},
  doi           = {10.1016/0146-6410(94)90049-3},
  journal       = {Prog. Part. Nucl. Phys.},
  volume        = {33},
  pages         = {477--575},
  year          = {1994}
}

@article{Maris:2003vk,
  author        = {Maris, Pieter and Roberts, Craig D.},
  title         = {{Dyson-Schwinger equations: A Tool for hadron physics}},
  eprint        = {nucl-th/0301049},
  archiveprefix = {arXiv},
  reportnumber  = {ANL-PHY-10465-TH-2002},
  doi           = {10.1142/S0218301303001326},
  journal       = {Int. J. Mod. Phys. E},
  volume        = {12},
  pages         = {297--365},
  year          = {2003}
}


@article{Wetterich:1992yh,
  author        = {Wetterich, Christof},
  title         = {{Exact evolution equation for the effective potential}},
  eprint        = {1710.05815},
  archiveprefix = {arXiv},
  primaryclass  = {hep-th},
  reportnumber  = {HD-THEP-92-61},
  doi           = {10.1016/0370-2693(93)90726-X},
  journal       = {Phys. Lett. B},
  volume        = {301},
  pages         = {90--94},
  year          = {1993}
}
